@inproceedings{cerf2021sustaining,
  title={Sustaining Performance While Reducing Energy Consumption: A Control Theory Approach},
  author={Cerf, Sophie and Bleuse, Rapha{\"e}l and Reis, Valentin and Perarnau, Swann and Rutten, Eric},
  booktitle={European Conference on Parallel Processing},
  pages={334--349},
  year={2021},
  organization={Springer}
}
